@book{chavel2006,
  author    = {Isaac Chavel},
  title     = {Riemannian Geometry: A Modern Introduction},
  series    = {Cambridge Studies in Advanced Mathematics},
  edition   = {2},
  publisher = {Cambridge University Press},
  year      = {2006},
  address   = {Cambridge, UK},
  isbn      = {9780521619547}
}


@article{yasuhiko2015,
author = {Kamiyama, Yasuhiko},
title = {On the Level Set of a Function with Degenerate Minimum Point},
journal = {International Journal of Mathematics and Mathematical Sciences},
volume = {2015},
number = {1},
pages = {493217},
doi = {https://doi.org/10.1155/2015/493217},
url = {https://onlinelibrary.wiley.com/doi/abs/10.1155/2015/493217},
eprint = {https://onlinelibrary.wiley.com/doi/pdf/10.1155/2015/493217},
year = {2015}
}

@article{preparata1981,
title = {Testing a simple polygon for monotonicity},
journal = {Information Processing Letters},
volume = {12},
number = {4},
pages = {161-164},
year = {1981},
issn = {0020-0190},
doi = {https://doi.org/10.1016/0020-0190(81)90091-0},
url = {https://www.sciencedirect.com/science/article/pii/0020019081900910},
author = {Franco P. Preparata and Kenneth J. Supowit},
keywords = {Computational geometry, monotone polygon, analysis of algorithms}
}

@book{preparata1985,
  author    = {Franco P. Preparata and Michael Ian Shamos},
  title     = {Computational Geometry: An Introduction},
  series    = {Monographs in Computer Science},
  edition   = {1},
  publisher = {Springer Science+Business Media},
  address   = {New York, NY, USA},
  year      = {1985},
  isbn      = {978-0-387-96131-6},
  doi       = {10.1007/978-1-4612-1098-6}
}


@misc{putman2025,
  author       = {Andrew Putman},
  title        = {The Generalized Schoenflies Theorem},
  howpublished = {\url{https://academicweb.nd.edu/~andyp/notes/Schoenflies.pdf}},
  year         = {2025},  % use the year you accessed it or year on the document
  note         = {Accessed: 27 October 2025}
}
